
@manual{geant4_manual,
  title        = {GEANT4 User's Guide for Application Developers},
  author       = {{GEANT4 Collaboration}},
  year         = {2023},
  url          = {https://geant4-userdoc.web.cern.ch/UsersGuides/ForApplicationDeveloper/html/}
}

@article{pdg_calorimetry,
  title        = {Passage of particles through matter},
  author       = {{Particle Data Group}},
  journal      = {Prog. Theor. Exp. Phys.},
  year         = {2022},
  number       = {8},
  pages        = {083C01},
  url          = {https://pdg.lbl.gov/2022/reviews/rpp2022-rev-passage-particles-matter.pdf}
}

@techreport{cms_ecal_tdr,
  title        = {The CMS Electromagnetic Calorimeter Technical Design Report},
  institution  = {CERN},
  year         = {1997},
  number       = {CERN-LHCC-97-033},
  url          = {https://cds.cern.ch/record/349375}
}

@article{atlas_lar,
  title        = {Readiness of the ATLAS Liquid Argon Calorimeter for LHC Collisions},
  author       = {{ATLAS Collaboration}},
  journal      = {Eur. Phys. J. C},
  volume       = {70},
  year         = {2010},
  pages        = {723--753},
  doi          = {10.1140/epjc/s10052-010-1408-9}
}
